% Copyright © 2020-2021 Andrew Trettel
% 
% SPDX-License-Identifier: CC-BY-4.0

@book{AGARD+1998+eng+RPRT,
addendum    = {AGARD-AR-345},
author      = {AGARD},
institution = {Advisory Group for Aerospace Research and Development},
language    = {English},
number      = {345},
publisher   = {Advisory Group for Aerospace Research and Development},
series      = {AGARD Advisory Report},
title       = {A Selection of Test Cases for the Validation of Large-Eddy Simulations of Turbulent Flows},
url         = {https://apps.dtic.mil/sti/citations/ADA286977},
year        = {1998},
}

@book{ArpVD+1998+eng+RPRT,
addendum    = {NIST-TN-1334-revised, PB-99118432},
author      = {Arp, Vincent D.; McCarty, Robert D.; Friend, Daniel G.},
doi         = {10.6028/NIST.TN.1334},
institution = {National Institute of Standards and Technology},
issn        = {1054-013X},
language    = {English},
month       = {9},
number      = {1334},
publisher   = {U.S. Government Printing Office},
series      = {NIST Technical Note},
title       = {Thermophysical Properties of Helium-4 from 0.8 to 1500 K with Pressures to 2000 MPa (Revised)},
url         = {https://nvlpubs.nist.gov/nistpubs/Legacy/TN/nbstechnicalnote1334.pdf},
year        = {1998},
}

@inproceedings{BeattieDRH+1995+eng+CPAPER,
author    = {Beattie, D. R. H.},
booktitle = {Twelfth Australasian Fluid Mechanics Conference},
editor    = {Bilger, R. W.},
isbn      = {9780869340349},
language  = {English},
oclc      = {35708304},
pages     = {561--564},
title     = {In defence of Nikuradse},
year      = {1995},
}

@book{BirchSF+1973+eng+CONF,
editor   = {Birch, Stanley F. and Rudy, David H. and Bushnell, Dennis M.},
language = {English},
note     = {NASA-SP-321-VOL-1},
series   = {Free Turbulent Shear Flows},
title    = {Conference Proceedings},
url      = {https://ntrs.nasa.gov/search.jsp?R=19730019422},
volume   = {1},
year     = {1973},
}

@book{BirchSF+1973+eng+BOOK,
editor   = {Birch, Stanley F. and Eggers, James M.},
language = {English},
note     = {NASA-SP-321-VOL-2},
series   = {Free Turbulent Shear Flows},
title    = {Summary of Data},
url      = {https://ntrs.nasa.gov/search.jsp?R=19730018486},
volume   = {2},
year     = {1973},
}

@article{BrownlieWR+1981+eng+JOUR,
author   = {Brownlie, William R.},
issn     = {0044-796X},
journal  = {Journal of the Hydraulics Division},
language = {English},
number   = {1},
pages    = {115--119},
title    = {Re-Examination of Nikuradse Roughness Data},
volume   = {107},
year     = {1981},
}

@phdthesis{ChiSW+1965+eng+THES,
author   = {Chi, S. W.},
language = {English},
school   = {Imperial College London},
title    = {Friction and Heat Transfer in a Compressible Turbulent Boundary Layer on a Smooth Flat Plate},
url      = {http://hdl.handle.net/10044/1/15754},
year     = {1965},
}

@book{ColesDE+1969+eng+BOOK,
editor    = {Coles, D. E. and Hirst, E. A.},
language  = {English},
lccn      = {68058871},
oclc      = {561999041},
publisher = {Stanford University},
series    = {Computation of turbulent boundary layers---1968 AFOSR-IFP-Stanford Conference},
title     = {Compiled Data},
volume    = {2},
year      = {1969},
}

@article{CornishRJ+1928+eng+JOUR,
author   = {Cornish, R. J.},
title    = {Flow in a pipe of rectangular cross-section},
journal  = {Proceedings of the Royal Society of London. Series A, Containing Papers of a Mathematical and Physical Character},
volume   = {120},
number   = {786},
pages    = {691--700},
year     = {1928},
doi      = {10.1098/rspa.1928.0175},
language = {English},
issn     = {1364-5021},
}

@article{DaviesSJ+1928+eng+JOUR,
author   = {Davies, S. J. and White, C. M.},
doi      = {10.1098/rspa.1928.0086},
issn     = {1364-5021},
journal  = {Proceedings of the Royal Society of London. Series A, Containing Papers of a Mathematical and Physical Character},
language = {English},
number   = {781},
pages    = {92--107},
title    = {An experimental study of the flow of water in pipes of rectangular section},
volume   = {119},
year     = {1928},
}

@misc{ERCOFTAC+DBASE,
author       = {ERCOFTAC},
howpublished = {\url{http://cfd.mace.manchester.ac.uk/ercoftac/doku.php}},
note         = {European Research Community on Flow, Turbulence, and Combustion (ERCOFTAC)},
title        = {ERCOFTAC Classic Collection Database},
}

@incollection{FernholzHH+1976+eng+CHAP,
author    = {Fernholz, H. H.},
booktitle = {Turbulence},
doi       = {10.1007/978-3-662-22568-4_2},
editor    = {Bradshaw, Peter},
isbn      = {978-3-662-22568-4},
language  = {English},
pages     = {45--107},
publisher = {Springer Berlin Heidelberg},
title     = {External Flows},
year      = {1976},
}

@book{FernholzHH+1977+eng+RPRT,
addendum    = {AGARD-AG-223},
author      = {Fernholz, H. H. and Finley, P. J.},
institution = {Advisory Group for Aerospace Research and Development},
language    = {English},
month       = {June},
number      = {223},
publisher   = {Advisory Group for Aerospace Research and Development},
series      = {AGARDograph},
title       = {A Critical Compilation of Compressible Turbulent Boundary Layer Data},
url         = {https://apps.dtic.mil/docs/citations/ADA045367},
year        = {1977},
}

@book{FernholzHH+1980+eng+RPRT,
addendum    = {AGARD-AG-253},
author      = {Fernholz, H. H. and Finley, P. J.},
institution = {Advisory Group for Aerospace Research and Development},
language    = {English},
month       = {May},
number      = {253},
publisher   = {Advisory Group for Aerospace Research and Development},
series      = {AGARDograph},
title       = {A Critical Commentary on Mean Flow Data for Two-Dimensional Compressible Turbulent Boundary Layers},
url         = {https://apps.dtic.mil/docs/citations/ADA087704},
year        = {1980},
}

@book{FernholzHH+1981+eng+RPRT,
addendum    = {AGARD-AG-263},
author      = {Fernholz, H. H. and Finley, P. J. and Mikulla, V.},
institution = {Advisory Group for Aerospace Research and Development},
language    = {English},
month       = {November},
number      = {263},
publisher   = {Advisory Group for Aerospace Research and Development},
series      = {AGARDograph},
title       = {A Further Compilation of Compressible Boundary Layer Data with a Survey of Turbulence Data},
url         = {https://apps.dtic.mil/docs/citations/ADA111638},
year        = {1981},
}

@book{FernholzHH+1989+eng+RPRT,
addendum    = {AGARD-AG-315},
author      = {Fernholz, H. H. and Finley, P. J. and Dussauge, J. P. and Smits, A.  J.},
institution = {Advisory Group for Aerospace Research and Development},
language    = {English},
month       = {May},
number      = {315},
publisher   = {Advisory Group for Aerospace Research and Development},
series      = {AGARDograph},
title       = {Survey of Measurements and Measuring Techniques in Rapidly Distorted Compressible Turbulent Boundary Layers},
url         = {https://apps.dtic.mil/docs/citations/ADA211107},
year        = {1989},
}

@article{HagerWH+2008+eng+JOUR,
author    = {Hager, Willi H. and Liiv, Uno },
doi       = {10.1080/00221686.2008.9521880},
issn      = {0022-1686},
journal   = {Journal of Hydraulic Research},
language  = {English},
number    = {4},
pages     = {435-444},
publisher = {Taylor \& Francis},
title     = {Johann Nikuradse --- Hydraulic experimenter},
volume    = {46},
year      = {2008},
}

@book{HarveyAH+1998+eng+RPRT,
addendum    = {NIST-IR-5078, PB-99113169},
author      = {Harvey, Allan H.},
doi         = {10.6028/NIST.IR.5078},
institution = {National Institute of Standards and Technology},
language    = {English},
month       = {10},
number      = {5078},
publisher   = {U.S. Government Printing Office},
series      = {NIST Interagency Report},
subtitle    = {Tabulation from the IAPWS Formulation 1995 for the Thermodynamic Properties of Ordinary Water Substance for General and Scientific Use},
title       = {Thermodynamic Properties of Water},
url         = {https://www.nist.gov/publications/thermodynamic-properties-water-tabulation-iapws-formulation-1995-thermodynamic},
year        = {1998},
}

@book{HilsenrathJ+1955+eng+BOOK,
addendum  = {National Bureau of Standards Circular 564},
author    = {Hilsenrath, Joseph and Beckett, Charles W. and Benedict, William S.  and Fano, Lilla, and Hoge, Harold J. and Masi, Joseph F. and Nuttall, Ralph L.  and Touloukian, Yeram S. and Woolley, Harold W.},
doi       = {10.6028/NBS.CIRC.564},
language  = {English},
month     = {11},
publisher = {U.S. Government Printing Office},
subtitle  = {Comprisong Tables of Thermodynamic and Transport Properties of Air, Argon, Carbon Dioxide, Carbon Monoxide, Hydrogen, Nitrogen, Oxygen, and Steam},
title     = {Tables of Thermal Properties of Gases},
year      = {1955},
}

@article{HuebscherRG+1947+eng+JOUR,
author   = {Huebscher, R. G.},
issn     = {0017-940X},
journal  = {Heating, piping and air conditioning},
language = {English},
month    = {12},
number   = {12},
pages    = {127--135},
title    = {Friction Equivalents for Round, Square, and Rectangular Ducts},
volume   = {19},
year     = {1947},
}

@article{JimenezJ+2010+eng+JOUR,
author   = {Jiménez, Javier and Hoyas, Sergio and Simens, Mark P. and Mizuno, Yoshinori},
doi      = {10.1017/S0022112010001370},
issn     = {1070-6631},
journal  = {Journal of Fluid Mechanics},
language = {English},
month    = {8},
pages    = {335--360},
title    = {Turbulent boundary layers and channels at moderate Reynolds numbers},
volume   = {657},
year     = {2010},
}

@book{KlineSJ+1969+eng+CONF,
editor    = {Kline, S. J. and Morkovin, M. V. and Sovran, G. and Cockrell, D. J.},
language  = {English},
lccn      = {68058871},
oclc      = {561999041},
publisher = {Stanford University},
series    = {Computation of turbulent boundary layers---1968 AFOSR-IFP-Stanford Conference},
title     = {Methods, Predictions, Evaluation and Flow Structure},
volume    = {1},
year      = {1969},
}

@book{KlineSJ+1981+eng+BOOK+V1,
addendum  = {AFOSR-TR-83-1001},
editor    = {Kline, S. J. and Cantwell, B. J. and Lilley, G. M.},
language  = {English},
publisher = {Stanford University},
series    = {The 1980--81 AFOSR-HTTM-Stanford Conference on Complex Turbulent Flows: Comparison of Computation and Experiment},
title     = {Objectives, Evaluation of Data, Specifications of Test Cases, Discussion and Position Papers},
url       = {https://apps.dtic.mil/sti/citations/ADA135569},
volume    = {1},
year      = {1981},
}

@book{KlineSJ+1982+eng+BOOK+V2,
addendum  = {AFOSR-TR-83-1002},
editor    = {Kline, S. J. and Cantwell, B. J. and Lilley, G. M.},
language  = {English},
publisher = {Stanford University},
series    = {The 1980--81 AFOSR-HTTM-Stanford Conference on Complex Turbulent Flows: Comparison of Computation and Experiment},
title     = {Taxonomies, Reporters' Summaries, Evaluation, and Conclusions},
url       = {https://apps.dtic.mil/sti/citations/ADA135570},
volume    = {2},
year      = {1982},
}

@book{KlineSJ+1982+eng+BOOK+V3,
addendum  = {AFOSR-TR-83-1003},
editor    = {Kline, S. J. and Cantwell, B. J. and Lilley, G. M.},
language  = {English},
publisher = {Stanford University},
series    = {The 1980--81 AFOSR-HTTM-Stanford Conference on Complex Turbulent Flows: Comparison of Computation and Experiment},
title     = {Comparison of Computation with Experiment, and Computors' Summary Reports},
url       = {https://apps.dtic.mil/sti/citations/ADA136034},
volume    = {3},
year      = {1982},
}

@article{KovasznayLSG+1967+eng+JOUR,
author   = {Kovasznay, Leslie S. G.},
doi      = {10.1063/1.1762462},
issn     = {1070-6631},
journal  = {Physics of Fluids},
language = {English},
number   = {9},
pages    = {S25--S30},
title    = {Structure of the Turbulent Boundary Layer},
volume   = {10},
year     = {1967},
}

@article{LaVioletteM+2017+eng+JOUR,
author   = {LaViolette, Marc},
doi      = {10.1115/1.4035116},
issn     = {0098-2202},
journal  = {Journal of Fluids Engineering},
language = {English},
month    = {01},
note     = {030801},
number   = {3},
title    = {On the History, Science, and Technology Included in the Moody Diagram},
volume   = {139},
year     = {2017},
}

@article{LeeM+2015+eng+JOUR,
author    = {Lee, Myoungkyu and Moser, Robert D.},
doi       = {10.1017/jfm.2015.268},
issn      = {1469-7645},
journal   = {Journal of Fluid Mechanics},
language  = {English},
pages     = {395--415},
publisher = {Cambridge University Press},
title     = {Direct numerical simulation of turbulent channel flow up to $\mathit{Re}_{{\it\tau}}\approx 5200$},
volume    = {774},
year      = {2015},
}

@book{LindgrenER+1965+eng+RPRT,
author   = {Lindgren, E. Rune},
language = {English},
month    = {7},
title    = {Experimental Study on Turbulent Pipe Flows of Distilled Water},
url      = {https://ntrl.ntis.gov/NTRL/dashboard/searchResults/titleDetail/AD621071.xhtml},
year     = {1965},
}

@article{MillerB+1949+eng+JOUR,
author   = {Miller, Benjamin},
issn     = {0097-6822},
journal  = {Transactions of the American Society of Mechanical Engineers},
language = {English},
pages    = {357--367},
title    = {The Laminar-Film Hypothesis},
volume   = {71},
year     = {1949},
}

@article{MoserRD+1999+eng+JOUR,
author    = {Moser, Robert D. and Kim, John and Mansour, Nagi N.},
doi       = {10.1063/1.869966},
issn      = {1070-6631},
journal   = {Physics of Fluids},
language  = {English},
number    = {4},
pages     = {943--945},
publisher = {Cambridge University Press},
title     = {Direct numerical simulation of turbulent channel flow up to $Re_\tau = 590$},
volume    = {11},
year      = {1999},
}

@article{NikuradseJ+1932+deu+JOUR,
addendum  = {English translations available as \citet{NikuradseJ+1949+eng+RPRT,NikuradseJ+1966+eng+RPRT}},
author    = {Nikuradse, J.},
issn      = {0042-174X},
journal   = {VDI-Forschungsheft},
language  = {German},
pages     = {1--36},
publisher = {VDI-Verlag Gmbh},
title     = {Gesetzmäßigkeiten der turbulenten Strömung in glatten Rohren},
volume    = {356},
year      = {1932},
}

@article{NikuradseJ+1933+deu+JOUR,
author    = {Nikuradse, J.},
issn      = {0042-174X},
journal   = {VDI-Forschungsheft},
language  = {German},
pages     = {1--21},
publisher = {VDI-Verlag Gmbh},
title     = {Strömungsgesetze in rauhen Rohren},
volume    = {361},
year      = {1933},
addendum  = {English translations available as \citet{NikuradseJ+1940+eng+JOUR,NikuradseJ+1950+eng+RPRT}},
}

@article{NikuradseJ+1940+eng+JOUR,
author    = {Nikuradse, J.},
issn      = {0096-4514},
journal   = {Petroleum Engineer},
language  = {English},
publisher = {Petroleum Engineer Pub. Co.},
title     = {Laws of Fluid Flow in Rough Pipes},
year      = {1940},
addendum  = {In 5 parts from March to August issues},
}

@book{NikuradseJ+1949+eng+RPRT,
author     = {Nikuradse, J.},
language   = {English},
note       = {Project SQUID Technical Memorandum No. Pur-11},
publisher  = {Purdue University},
series     = {Project SQUID Technical Memorandum},
title      = {Regularity of turbulent flow in smooth pipes},
translator = {Bowdith, F. W. and Agnew, W. G.},
url        = {https://apps.dtic.mil/sti/citations/AD0895934},
year       = {1949},
}

@book{NikuradseJ+1950+eng+RPRT,
author     = {Nikuradse, J.},
issn       = {0096-7602},
language   = {English},
month      = {11},
note       = {NACA-TM-1292},
number     = {1292},
publisher  = {National Advisory Committee for Aeronautics},
series     = {NACA Technical Memorandum},
title      = {Laws of Flow in Rough Pipes},
translator = {Brielmaier, A. A.},
url        = {https://ntrs.nasa.gov/citations/19930093938},
year       = {1950},
}

@book{NikuradseJ+1966+eng+RPRT,
author     = {Nikuradse, J.},
language   = {English},
note       = {NASA-TT-F-10359},
number     = {10359},
publisher  = {National Aeronautics and Space Administration},
series     = {NASA Technical Translation},
title      = {Laws of Turbulent Flow in Smooth Pipes},
translator = {International Information Incorporation},
url        = {https://ntrl.ntis.gov/NTRL/dashboard/searchResults/titleDetail/N6713837.xhtml},
year       = {1966},
}

@book{PetersonJB+1963+eng+RPRT,
addendum = {NASA-TN-D-1795},
author   = {Peterson, J. B. Jr.},
language = {English},
title    = {A comparison of experimental and theoretical results for compressible turbulent-boundary-layer skin friction with zero pressure gradient},
year     = {1963},
}

@article{PirozzoliS+2011+eng+JOUR,
author   = {Pirozzoli, Sergio and Bernardini, Matteo},
doi      = {10.1017/jfm.2011.368},
issn     = {1469-7645},
journal  = {Journal of Fluid Mechanics},
language = {English},
month    = {12},
pages    = {120--168},
title    = {Turbulence in supersonic boundary layers at moderate Reynolds number},
volume   = {688},
year     = {2011},
}

@book{ReichardtH+1954+deu+RPRT,
author      = {Reichardt, H.},
institution = {Max-Plank-Institut für Strömungsforschung},
issn        = {0374-1257},
language    = {German},
lccn        = {56015733},
number      = {9},
oclc        = {5693653},
series      = {Mitteilungen aus dem Max-Plank-Institut für Strömungsforschung und der Aerodynamischen Versuchsanstalt},
title       = {Ueber die Umströmung zylindrischer Körper in einer geradlinigen Couetteströmung},
year        = {1954},
}

@article{ReichardtH+1956+deu+JOUR,
author    = {Reichardt, H.},
doi       = {10.1002/zamm.19560361311},
issn      = {1521-4001},
journal   = {Zeitschrift für Angewandte Mathematik und Mechanik},
language  = {German},
number    = {S1},
pages     = {S26--S29},
publisher = {WILEY-VCH Verlag},
title     = {Über die Geschwindigkeitsverteilung in einer geradlinigen turbulenten Couetteströmung},
volume    = {36},
year      = {1956},
}

@book{ReichardtH+1959+deu+RPRT,
author      = {Reichardt, H.},
institution = {Max-Plank-Institut für Strömungsforschung},
issn        = {0374-1257},
language    = {German},
lccn        = {56015733},
number      = {22},
oclc        = {5693653},
series      = {Mitteilungen aus dem Max-Plank-Institut für Strömungsforschung und der Aerodynamischen Versuchsanstalt},
title       = {Gesetzmäßigkeiten der geradlinigen turbulenten Couetteströmung},
year        = {1959},
}

@article{RiabouchinskyD+1914+fra+JOUR,
author   = {Riabouchinsky, D. P.},
journal  = {Bulletin de l'institut aérodynamique de Koutchino},
language = {French},
oclc     = {20190653},
pages    = {51--72},
title    = {Etude expérimentale sur le frottement de l'air},
volume   = {5},
year     = {1914},
}

@inproceedings{RobertsonJM+1957+eng+CPAPER,
author    = {Robertson, James M.},
booktitle = {Proceedings of the Fifth Midwestern Conference on Fluid Mechanics},
language  = {English},
issn      = {0544-0858},
pages     = {67--84},
publisher = {The University of Michigan Press},
title     = {The turbulent velocity distribution in rough pipe},
year      = {1957},
}

@article{RoosFW+1971+eng+JOUR,
author   = {Roos, Frederick W. and Willmarth, William W.},
doi      = {10.2514/3.6164},
issn     = {0001-1452},
journal  = {AIAA Journal},
language = {English},
number   = {2},
pages    = {285--291},
title    = {Some experimental results on sphere and disk drag},
volume   = {9},
year     = {1971},
}

@inproceedings{RossD+1953+eng+CPAPER,
author    = {Ross, Donald},
booktitle = {Proceedings of the Third Midwestern Conference on Fluid Mechanics},
language  = {English},
pages     = {651--667},
title     = {A New Analysis of Nikuradse's Experiments on Turbulent Flow in Smooth pipes},
year      = {1953},
issn      = {0544-0858},
}

@book{SettlesGS+1991+eng+RPRT,
author   = {Settles, G. S. and Dodson, L. J.},
language = {English},
note     = {NASA-CR-177577},
title    = {Hypersonic Shock/Boundary-Layer Interaction Database},
url      = {https://ntrl.ntis.gov/NTRL/dashboard/searchResults/titleDetail/N9115986.xhtml},
year     = {1991},
}

@misc{SettlesGS+1993+eng+DATA,
author   = {Settles, G. S. and Dodson, L. J.},
language = {English},
note     = {NASA-CR-177610},
title    = {Hypersonic Turbulent Boundary-Layer and Free Shear Database Datasets},
url      = {https://ntrs.nasa.gov/search.jsp?R=20100019476},
year     = {1991},
}

@book{SettlesGS+1994+eng+RPRT,
author   = {Settles, G. S. and Dodson, L. J.},
language = {English},
note     = {NASA-CR-177638},
title    = {Hypersonic Shock/Boundary-Layer Interaction Database: New and Corrected Data},
year     = {1994},
}

@article{SchlatterP+2010+eng+JOUR,
author    = {Schlatter, Philipp and Örlü, Ramis},
doi       = {10.1017/S0022112010003113},
issn      = {1469-7645},
journal   = {Journal of Fluid Mechanics},
language  = {English},
pages     = {116--126},
publisher = {Cambridge University Press},
title     = {Assessment of direct numerical simulation data of turbulent boundary layers},
volume    = {659},
year      = {2010},
}

@article{SchultzGrunowF+1940+deu+JOUR,
addendum = {English translation available as \citet{SchultzGrunowF+1941+eng+RPRT}},
author   = {Schultz-Grunow, F.},
issn     = {0368-7643},
issue    = {8},
journal  = {Luftfahrtforschung},
language = {German},
pages    = {239--246},
title    = {Neues Reibungswiderstandsgesetz für glatte Platten},
volume   = {17},
year     = {1940},
}

@book{SchultzGrunowF+1941+eng+RPRT,
author     = {Schultz-Grunow, F.},
issn       = {0096-7602},
language   = {English},
month      = {9},
note       = {NACA-TM-986},
number     = {986},
publisher  = {National Advisory Committee for Aeronautics},
series     = {NACA Technical Memorandum},
title      = {New frictional resistance law for smooth plates},
translator = {Vanier, J.},
url        = {https://ntrs.nasa.gov/citations/19930094430},
year       = {1941},
}

@phdthesis{SenecalVE+1951+eng+THES,
author   = {Senecal, Vance E.},
language = {English},
month    = {8},
school   = {Carnegie Institute of Technology},
title    = {Characteristics of transition flow in smooth tubes},
year     = {1951},
}

@article{SenecalVE+1953+eng+JOUR,
author   = {Senecal, Vance E. and Rothfus, Robert R.},
issn     = {0360-7275},
journal  = {Chemical Engineering Progress},
language = {English},
number   = {10},
pages    = {533--538},
title    = {Transition Flow of Fluids in Smooth Tubes},
volume   = {49},
year     = {1953},
}

@article{SilleroJA+2013+eng+JOUR,
author   = {Sillero, Juan A. and Jiménez, Javier and Moser, Robert D.},
doi      = {10.1063/1.4823831},
issn     = {1070-6631},
journal  = {Physics of Fluids},
language = {English},
number   = {10},
pages    = {105102},
title    = {One-point statistics for turbulent wall-bounded flows at Reynolds numbers up to $\delta^+ \approx 2000$},
volume   = {25},
year     = {2013},
}

@article{SilleroJA+2014+eng+JOUR,
author   = {Sillero,Juan A.  and Jiménez,Javier  and Moser,Robert D. },
doi      = {10.1063/1.4899259},
issn     = {1070-6631},
journal  = {Physics of Fluids},
language = {English},
number   = {10},
pages    = {105109},
title    = {Two-point statistics for turbulent boundary layers and channels at Reynolds numbers up to $\delta^+ \approx 2000$},
volume   = {26},
year     = {2014},
}

@article{SpaldingDB+1964+eng+JOUR,
author   = {Spalding, D. B. and Chi, S. W.},
doi      = {10.1017/S0022112064000088},
issn     = {1469-7645},
issue    = {1},
journal  = {Journal of Fluid Mechanics},
language = {English},
month    = {1},
pages    = {117--143},
title    = {The drag of a compressible turbulent boundary layer on a smooth flat plate with and without heat transfer},
volume   = {18},
year     = {1964},
}

@article{StantonTE+1911+eng+JOUR,
author   = {Stanton, Thomas Edward},
doi      = {10.1098/rspa.1911.0050},
issn     = {1364-5021},
journal  = {Proceedings of the Royal Society of London. Series A, Containing Papers of a Mathematical and Physical Character},
language = {English},
number   = {579},
pages    = {366--376},
title    = {The mechanical viscosity of fluids},
volume   = {85},
year     = {1911},
}

@article{StantonTE+1914+eng+JOUR,
author   = {Stanton, Thomas Edward and Pannell, J. R.},
doi      = {10.1098/rsta.1914.0016},
issn     = {1364-5021},
journal  = {Philosophical Transactions of the Royal Society of London. Series A, Containing Papers of a Mathematical or Physical Character},
language = {English},
number   = {509-522},
pages    = {199--224},
title    = {Similarity of motion in relation to the surface friction of fluids},
volume   = {214},
year     = {1914},
}

@article{StantonTE+1929+eng+RPRT,
author   = {Stanton, Thomas Edward},
journal  = {Aeronautical Research Committee Reports and Memoranda},
language = {English},
number   = {1210},
oclc     = {13546370},
title    = {On the effect of air compression on drag and pressure distribution in cylinders of infinite aspect ratio},
year     = {1929},
}

@mastersthesis{TrettelA+2015+eng+THES,
author   = {Trettel, Andrew},
language = {English},
school   = {University of Maryland, College Park},
title    = {Velocity transformation for compressible wall turbulence with heat transfer},
url      = {http://hdl.handle.net/1903/16797},
year     = {2015},
}

@article{TrettelA+2016+eng+JOUR,
author   = {Trettel, Andrew and Larsson, Johan},
doi      = {10.1063/1.4942022},
eid      = {026102},
issn     = {1070-6631},
journal  = {Physics of Fluids},
language = {English},
number   = {2},
title    = {Mean velocity scaling for compressible wall turbulence with heat transfer},
volume   = {28},
year     = {2016},
}

@phdthesis{WhanGA+1956+eng+THES,
author   = {Whan, Glenn A.},
language = {English},
month    = {12},
school   = {Carnegie Institute of Technology},
title    = {Characteristics of transition flow between parallel plates},
year     = {1956},
}

@article{WhanGA+1959+eng+JOUR,
author   = {Whan, Glenn A. and Rothfus, Robert R.},
doi      = {10.1002/aic.690050215},
issn     = {0001-1541},
journal  = {AIChE Journal},
language = {English},
number   = {2},
pages    = {204--208},
title    = {Characteristics of transition flow between parallel plates},
volume   = {5},
year     = {1959},
}

@article{WilliamsonCHK+1989+eng+JOUR,
author    = {Williamson, C. H. K.},
doi       = {10.1017/S0022112089002429},
issn      = {0022-1120},
journal   = {Journal of Fluid Mechanics},
language  = {English},
pages     = {579--627},
publisher = {Cambridge University Press},
title     = {Oblique and parallel modes of vortex shedding in the wake of a circular cylinder at low Reynolds numbers},
volume    = {206},
year      = {1989},
}

@book{WilsonW+1959+eng+RPRT,
addendum    = {NAVORD-6747, AD0234983},
author      = {Wilson, Wayne},
institution = {United States Naval Ordnance Laboratory},
language    = {English},
month       = {11},
number      = {6747},
publisher   = {United States Naval Ordnance Laboratory},
series      = {NAVORD report},
title       = {Tables for the speed of sound in distilled water and in sea water},
url         = {https://catalog.hathitrust.org/Record/007246539},
year        = {1959},
}

@article{ZhangC+2018+eng+JOUR,
author   = {Zhang, Chao and Duan, Lian and Choudhari, Meelan M.},
doi      = {10.2514/1.J057296},
issn     = {0001-1452},
journal  = {AIAA Journal},
language = {English},
number   = {11},
pages    = {4297--4311},
title    = {Direct Numerical Simulation Database for Supersonic and Hypersonic Turbulent Boundary Layers},
volume   = {56},
year     = {2018},
}

@phdthesis{ZwartsFJ+1970+eng+THES,
author   = {Zwarts, F. J.},
language = {English},
school   = {McGill University},
title    = {The compressible turbulent boundary layer in a pressure gradient},
url      = {https://escholarship.mcgill.ca/concern/theses/xs55mc623},
year     = {1970},
}

@book{ZWB+1944+deu+RPRT,
addendum  = {English translation available as \citet{ZWB+1946+eng+RPRT}},
author    = {ZWB},
edition   = {5th edition},
key       = {ZWB},
language  = {German},
month     = {1},
publisher = {Zentrale für wissenschaftliches Berichtswesen der Luftfahrtforschung des Generalluftzeugmeisters (ZWB)},
title     = {Gruppeneinteilung der Luftfahrt-Literaturschau für Luftfahrtforschung und Luftfahrttechnik},
year      = {1944},
}

@book{ZWB+1946+eng+RPRT,
addendum    = {F-TS-457-RE},
author      = {ZWB},
institution = {Air Materiel Command},
key         = {ZWB},
language    = {English},
lccn        = {52042915},
month       = {8},
oclc        = {50373492},
publisher   = {Air Materiel Command},
series      = {AAF translation},
title       = {Subject Classification of Aeronautical Literature},
translator  = {Air Document Research Center},
year        = {1946},
}

